@misc{TaintAna3:online,
author = {Edgar Barbosa},
title = {Taint Analysis},
howpublished = {\url{http://web.cs.iastate.edu/~weile/cs513x/2018spring/taintanalysis.pdf}},
month = {},
year = {},
note = {(Accessed on 11/13/2019)}
}

@misc{fireyecandc,
author = {FireEye},
title = {The Impact of Command \& Control Communications | FireEye},
howpublished = {\url{https://www.fireeye.com/content/dam/fireeye-www/global/en/current-threats/pdfs/rpt-leviathan.pdf}},
month = {},
year = {},
note = {(Accessed on 11/11/2019)}
}

@article{denning1977certification,
  title={Certification of programs for secure information flow},
  author={Denning, Dorothy E and Denning, Peter J},
  journal={Communications of the ACM},
  volume={20},
  number={7},
  pages={504--513},
  year={1977},
  publisher={ACM}
}

@article{hedin2012perspective,
  title={A Perspective on Information-Flow Control.},
  author={Hedin, Daniel and Sabelfeld, Andrei},
  journal={Software Safety and Security},
  volume={33},
  pages={319--347},
  year={2012},
  publisher={Citeseer}
}

@misc{Practicalbinaryanalysis,
author = {Dennis Andriesse},
title = {Practical Binary Analysis},
howpublished = {\url{https://practicalbinaryanalysis.com/}},
month = {},
year = {},
note = {(Accessed on 11/11/2019)}
}

@inproceedings{arzt2014flowdroid,
  title={Flowdroid: Precise context, flow, field, object-sensitive and lifecycle-aware taint analysis for android apps},
  author={Arzt, Steven and Rasthofer, Siegfried and Fritz, Christian and Bodden, Eric and Bartel, Alexandre and Klein, Jacques and Le Traon, Yves and Octeau, Damien and McDaniel, Patrick},
  booktitle={Acm Sigplan Notices},
  volume={49},
  number={6},
  pages={259--269},
  year={2014},
  organization={ACM}
}

@misc{WhyProgr19:online,
author = {Andreas Zeller},
title = {Why Programs Fail | ScienceDirect},
howpublished = {\url{https://www.sciencedirect.com/book/9780123745156/why-programs-fail}},
month = {},
year = {},
note = {(Accessed on 11/11/2019)}
}

@inproceedings{mumtaz2017critical,
  title={Critical review of static taint analysis of android applications for detecting information leakages},
  author={Mumtaz, Haris and El-Alfy, El-Sayed M},
  booktitle={2017 8th International Conference on Information Technology (ICIT)},
  pages={446--454},
  year={2017},
  organization={IEEE}
}

@inproceedings{clause2007dytan,
  title={Dytan: a generic dynamic taint analysis framework},
  author={Clause, James and Li, Wanchun and Orso, Alessandro},
  booktitle={Proceedings of the 2007 international symposium on Software testing and analysis},
  pages={196--206},
  year={2007},
  organization={ACM}
}

@inproceedings{luk2005pin,
  title={Pin: building customized program analysis tools with dynamic instrumentation},
  author={Luk, Chi-Keung and Cohn, Robert and Muth, Robert and Patil, Harish and Klauser, Artur and Lowney, Geoff and Wallace, Steven and Reddi, Vijay Janapa and Hazelwood, Kim},
  booktitle={Acm sigplan notices},
  volume={40},
  number={6},
  pages={190--200},
  year={2005},
  organization={ACM}
}

@inproceedings{nethercote2007valgrind,
  title={Valgrind: a framework for heavyweight dynamic binary instrumentation},
  author={Nethercote, Nicholas and Seward, Julian},
  booktitle={ACM Sigplan notices},
  volume={42},
  number={6},
  pages={89--100},
  year={2007},
  organization={ACM}
}

@article{bruening2012transparent,
  title={Transparent dynamic instrumentation},
  author={Bruening, Derek and Zhao, Qin and Amarasinghe, Saman},
  journal={ACM SIGPLAN Notices},
  volume={47},
  number={7},
  pages={133--144},
  year={2012},
  publisher={ACM}
}

@inproceedings{kang2011dta++,
  title={Dta++: dynamic taint analysis with targeted control-flow propagation.},
  author={Kang, Min Gyung and McCamant, Stephen and Poosankam, Pongsin and Song, Dawn},
  booktitle={NDSS},
  year={2011}
}

@incollection{graa2012detecting,
  title={Detecting control flow in smarphones: Combining static and dynamic analyses},
  author={Graa, Mariem and Cuppens-Boulahia, Nora and Cuppens, Fr{\'e}d{\'e}ric and Cavalli, Ana},
  booktitle={Cyberspace Safety and Security},
  pages={33--47},
  year={2012},
  publisher={Springer}
}

@inproceedings{chen2011dynamic,
  title={Dynamic Taint Analysis with Control Flow Graph for Vulnerability Analysis},
  author={Chen, Zhe and Wang, Xiao Juan and Zhang, Xin Xin},
  booktitle={2011 First International Conference on Instrumentation, Measurement, Computer, Communication and Control},
  pages={228--231},
  year={2011},
  organization={IEEE}
}

@inproceedings{kemerlis2012libdft,
  title={libdft: Practical dynamic data flow tracking for commodity systems},
  author={Kemerlis, Vasileios P and Portokalidis, Georgios and Jee, Kangkook and Keromytis, Angelos D},
  booktitle={Acm Sigplan Notices},
  volume={47},
  number={7},
  pages={121--132},
  year={2012},
  organization={ACM}
}

@inproceedings{newsome2005dynamic,
  title={Dynamic Taint Analysis for Automatic Detection, Analysis, and SignatureGeneration of Exploits on Commodity Software.},
  author={Newsome, James and Song, Dawn Xiaodong},
  booktitle={NDSS},
  volume={5},
  pages={3--4},
  year={2005},
  organization={Citeseer}
}

@inproceedings{bellard2005qemu,
  title={QEMU, a fast and portable dynamic translator.},
  author={Bellard, Fabrice},
  booktitle={USENIX Annual Technical Conference, FREENIX Track},
  volume={41},
  pages={46},
  year={2005}
}

@article{kawakoya2019api,
  title={API Chaser: Taint-Assisted Sandbox for Evasive Malware Analysis},
  author={Kawakoya, Yuhei and Shioji, Eitaro and Iwamura, Makoto and Miyoshi, Jun},
  journal={Journal of Information Processing},
  volume={27},
  pages={297--314},
  year={2019},
  publisher={Information Processing Society of Japan}
}

@inproceedings{qin2006lift,
  title={Lift: A low-overhead practical information flow tracking system for detecting security attacks},
  author={Qin, Feng and Wang, Cheng and Li, Zhenmin and Kim, Ho-seop and Zhou, Yuanyuan and Wu, Youfeng},
  booktitle={2006 39th Annual IEEE/ACM International Symposium on Microarchitecture (MICRO'06)},
  pages={135--148},
  year={2006},
  organization={IEEE}
}

@inproceedings{bosman2011minemu,
  title={Minemu: The world’s fastest taint tracker},
  author={Bosman, Erik and Slowinska, Asia and Bos, Herbert},
  booktitle={International Workshop on Recent Advances in Intrusion Detection},
  pages={1--20},
  year={2011},
  organization={Springer}
}

@misc{VirtualA15:online,
author = {},
title = {Virtual Address Space - Win32 apps | Microsoft Docs},
howpublished = {\url{https://docs.microsoft.com/en-us/windows/win32/memory/virtual-address-space}},
month = {},
year = {},
note = {(Accessed on 11/12/2019)}
}

@incollection{li1998linear,
  title={Linear Data Structures},
  author={Li, Liwu},
  booktitle={Java: Data Structures and Programming},
  pages={229--269},
  year={1998},
  publisher={Springer}
}

@misc{IDAAbout49:online,
author = {},
title = {IDA: About},
howpublished = {\url{https://www.hex-rays.com/products/ida/}},
month = {},
year = {},
note = {(Accessed on 11/13/2019)}
}

@inproceedings{de2018now,
  title={Now you see me: Real-time dynamic function call detection},
  author={De Go{\"e}r, Franck and Rawat, Sanjay and Andriesse, Dennis and Bos, Herbert and Groz, Roland},
  booktitle={Proceedings of the 34th Annual Computer Security Applications Conference},
  pages={618--628},
  year={2018},
  organization={ACM}
}

@article{intel2018intel,
  title={Intel{\textregistered} 64 and IA-32 architectures software developer's manual combined volumes: 1, 2A, 2B, 2C, 2D, 3A, 3B, 3C, 3D and 4},
  author={Intel{\textregistered}},
  year={2018}
}

@inproceedings{andriesse2017compiler,
  title={Compiler-agnostic function detection in binaries},
  author={Andriesse, Dennis and Slowinska, Asia and Bos, Herbert},
  booktitle={2017 IEEE European Symposium on Security and Privacy (EuroS\&P)},
  pages={177--189},
  year={2017},
  organization={IEEE}
}

@misc{heapapih77:online,
author = {},
title = {heapapi.h header - Win32 apps | Microsoft Docs},
howpublished = {\url{https://docs.microsoft.com/en-us/windows/win32/api/heapapi/}},
month = {},
year = {},
note = {(Accessed on 11/16/2019)}
}

@misc{Ntifshhe84:online,
author = {},
title = {Ntifs.h header - Windows drivers | Microsoft Docs},
howpublished = {\url{https://docs.microsoft.com/en-us/windows-hardware/drivers/ddi/ntifs/}},
month = {},
year = {},
note = {(Accessed on 11/16/2019)}
}

@misc{Historyo87:online,
author = {},
title = {History of malicious programs | Kaspersky IT Encyclopedia},
howpublished = {\url{https://encyclopedia.kaspersky.com/knowledge/history-of-malicious-programs/}},
month = {},
year = {},
note = {(Accessed on 11/17/2019)}
}

@misc{Whendidt95:online,
author = {},
title = {When did the term 'computer virus' arise? - Scientific American},
howpublished = {\url{https://www.scientificamerican.com/article/when-did-the-term-compute/}},
month = {},
year = {},
note = {(Accessed on 11/17/2019)}
}

@article{cohen1987computer,
  title={Computer viruses: theory and experiments},
  author={Cohen, Fred},
  journal={Computers \& security},
  volume={6},
  number={1},
  pages={22--35},
  year={1987},
  publisher={Elsevier}
}

@misc{AttackSu36:online,
author = {},
title = {Attack Surface Analysis · OWASP Cheat Sheet Series},
howpublished = {\url{https://cheatsheetseries.owasp.org/cheatsheets/Attack_Surface_Analysis_Cheat_Sheet.html}},
month = {},
year = {},
note = {(Accessed on 11/17/2019)}
}

@book{sikorski2012practical,
  title={Practical malware analysis: the hands-on guide to dissecting malicious software},
  author={Sikorski, Michael and Honig, Andrew},
  year={2012},
  publisher={no starch press}
}

@article{liao2013intrusion,
  title={Intrusion detection system: A comprehensive review},
  author={Liao, Hung-Jen and Lin, Chun-Hung Richard and Lin, Ying-Chih and Tung, Kuang-Yuan},
  journal={Journal of Network and Computer Applications},
  volume={36},
  number={1},
  pages={16--24},
  year={2013},
  publisher={Elsevier}
}

@article{fuchsberger2005intrusion,
  title={Intrusion detection systems and intrusion prevention systems},
  author={Fuchsberger, Andreas},
  journal={Information Security Technical Report},
  volume={10},
  number={3},
  pages={134--139},
  year={2005},
  publisher={Elsevier Advanced Technology}
}

@inproceedings{kirat2011barebox,
  title={Barebox: efficient malware analysis on bare-metal},
  author={Kirat, Dhilung and Vigna, Giovanni and Kruegel, Christopher},
  booktitle={Proceedings of the 27th Annual Computer Security Applications Conference},
  pages={403--412},
  year={2011},
  organization={ACM}
}

@inproceedings{bulazel2017survey,
  title={A survey on automated dynamic malware analysis evasion and counter-evasion: PC, mobile, and web},
  author={Bulazel, Alexei and Yener, B{\"u}lent},
  booktitle={Proceedings of the 1st Reversing and Offensive-oriented Trends Symposium},
  pages={2},
  year={2017},
  organization={ACM}
}

@inproceedings{garfinkel2007compatibility,
  title={Compatibility Is Not Transparency: VMM Detection Myths and Realities.},
  author={Garfinkel, Tal and Adams, Keith and Warfield, Andrew and Franklin, Jason},
  booktitle={HotOS},
  year={2007}
}

@inproceedings{moser2007limits,
  title={Limits of static analysis for malware detection},
  author={Moser, Andreas and Kruegel, Christopher and Kirda, Engin},
  booktitle={Twenty-Third Annual Computer Security Applications Conference (ACSAC 2007)},
  pages={421--430},
  year={2007},
  organization={IEEE}
}

@inproceedings{lindorfer2011detecting,
  title={Detecting environment-sensitive malware},
  author={Lindorfer, Martina and Kolbitsch, Clemens and Comparetti, Paolo Milani},
  booktitle={International Workshop on Recent Advances in Intrusion Detection},
  pages={338--357},
  year={2011},
  organization={Springer}
}

@inproceedings{miramirkhani2017spotless,
  title={Spotless sandboxes: Evading malware analysis systems using wear-and-tear artifacts},
  author={Miramirkhani, Najmeh and Appini, Mahathi Priya and Nikiforakis, Nick and Polychronakis, Michalis},
  booktitle={2017 IEEE Symposium on Security and Privacy (SP)},
  pages={1009--1024},
  year={2017},
  organization={IEEE}
}

@inproceedings{spensky2016phi,
  title={LO-PHI: Low-Observable Physical Host Instrumentation for Malware Analysis.},
  author={Spensky, Chad and Hu, Hongyi and Leach, Kevin},
  booktitle={NDSS},
  year={2016}
}

@incollection{turing2009computing,
  title={Computing machinery and intelligence},
  author={Turing, Alan M},
  booktitle={Parsing the Turing Test},
  pages={23--65},
  year={2009},
  publisher={Springer}
}

@incollection{smith2007principles,
  title={Principles of secure information flow analysis},
  author={Smith, Geoffrey},
  booktitle={Malware Detection},
  pages={291--307},
  year={2007},
  publisher={Springer}
}

@article{denning1976lattice,
  title={A lattice model of secure information flow},
  author={Denning, Dorothy E},
  journal={Communications of the ACM},
  volume={19},
  number={5},
  pages={236--243},
  year={1976},
  publisher={ACM}
}

@inproceedings{malecha2010more,
  title={A more precise security type system for dynamic security tests},
  author={Malecha, Gregory and Chong, Stephen},
  booktitle={Proceedings of the 5th ACM SIGPLAN Workshop on Programming Languages and Analysis for Security},
  pages={4},
  year={2010},
  organization={ACM}
}

@article{sabelfeld2003language,
  title={Language-based information-flow security},
  author={Sabelfeld, Andrei and Myers, Andrew C},
  journal={IEEE Journal on selected areas in communications},
  volume={21},
  number={1},
  pages={5--19},
  year={2003},
  publisher={IEEE}
}

@inproceedings{geimer2009generic,
  title={A generic and configurable source-code instrumentation component},
  author={Geimer, Markus and Shende, Sameer S and Malony, Allen D and Wolf, Felix},
  booktitle={International Conference on Computational Science},
  pages={696--705},
  year={2009},
  organization={Springer}
}

@inproceedings{ermakov2017static,
  title={Static Binary Code Instrumentation for ARM Architecture},
  author={Ermakov, Mikhail},
  booktitle={International Andrei Ershov Memorial Conference on Perspectives of System Informatics},
  pages={105--116},
  year={2017},
  organization={Springer}
}

@inproceedings{d2019sok,
  title={SoK: Using Dynamic Binary Instrumentation for Security (And How You May Get Caught Red Handed)},
  author={D'Elia, Daniele Cono and Coppa, Emilio and Nicchi, Simone and Palmaro, Federico and Cavallaro, Lorenzo},
  booktitle={Proceedings of the 2019 ACM Asia Conference on Computer and Communications Security},
  pages={15--27},
  year={2019},
  organization={ACM}
}

@article{buck2000api,
  title={An API for runtime code patching},
  author={Buck, Bryan and Hollingsworth, Jeffrey K},
  journal={The International Journal of High Performance Computing Applications},
  volume={14},
  number={4},
  pages={317--329},
  year={2000},
  publisher={Sage Publications Sage CA: Thousand Oaks, CA}
}

@article{poletto1999linear,
  title={Linear scan register allocation},
  author={Poletto, Massimiliano and Sarkar, Vivek},
  journal={ACM Transactions on Programming Languages and Systems (TOPLAS)},
  volume={21},
  number={5},
  pages={895--913},
  year={1999},
  publisher={ACM}
}

@inproceedings{lueck2012pinadx,
  title={PinADX: an interface for customizable debugging with dynamic instrumentation},
  author={Lueck, Gregory and Patil, Harish and Pereira, Cristiano},
  booktitle={Proceedings of the Tenth International Symposium on Code Generation and Optimization},
  pages={114--123},
  year={2012},
  organization={ACM}
}

@article{dashora2011cyber,
  title={Cyber crime in the society: Problems and preventions},
  author={Dashora, Kamini},
  journal={Journal of Alternative Perspectives in the social sciences},
  volume={3},
  number={1},
  pages={240--259},
  year={2011}
}

@inproceedings{virvilis2013big,
  title={The big four-what we did wrong in advanced persistent threat detection?},
  author={Virvilis, Nikos and Gritzalis, Dimitris},
  booktitle={2013 International Conference on Availability, Reliability and Security},
  pages={248--254},
  year={2013},
  organization={IEEE}
}

@article{alzurigrowth,
  title={The Growth of Fileless Malware},
  author={Alzuri, Alain and Andrade, David and Escobar, Yadelis Nunez and Zamora, Brian M}
}

@inproceedings{bao2014byteweight,
  title={$\{$BYTEWEIGHT$\}$: Learning to Recognize Functions in Binary Code},
  author={Bao, Tiffany and Burket, Jonathan and Woo, Maverick and Turner, Rafael and Brumley, David},
  booktitle={23rd $\{$USENIX$\}$ Security Symposium ($\{$USENIX$\}$ Security 14)},
  pages={845--860},
  year={2014}
}